@MISC{dominique19,
  author       = {Dominique Laurain},
  howpublished = {Private Communication},
  month        = {8},
  year         = {2019},
  address      = {France},
  title      = {Formula for the Radius of the Orbits' Excentral Cosine Circle}
}

@MISC{sergei2020-private-sidelengths,
  author       = {Sergei Tabachnikov},
  howpublished = {Private Communication},
  month        = {7},
  day = {21},
  year         = {2020},
  title      = {Invariant sum of squared sidelengths for {N}-periodics in the Homothetic Poncelet Pair.}
}

@MISC{ferreol2020-private-larme,
  author       = {Robert Ferréol},
  howpublished = {Private Communication},
  month        = {7},
  day = {24},
  year         = {2020},
  title      = {Équation de la larme de {B}rocard 1.}
}

@MISC{moses2020-private-brocard,
  author       = {Peter Moses},
  howpublished = {Private Communication},
  year         = {2020},
  month={9},
  day={7},
  title      = {Family of triangles with fixed Brocard points}
}


@MISC{helman19,
  author       = {Mark Helman},
  howpublished = {Private Communication},
  day          = {4},
  month        = {8},
  year         = {2019},
  address      = {Houston, TX},
  title      = {The Loci of ${X}_i,i=7,40,57,63,142,144$ are elliptic},
  institution  = {Rice University}
}



@MISC{helman20,
  author       = {Mark Helman},
  howpublished = {Private Communication},
  day          = {2},
  month        = {1},
  year         = {2020},
  address      = {Houston, TX},
  title      = {Proofs related to locus of ${X}_{88}$},
  institution  = {Rice University}
}

@MISC{minevich19,
  author       = {Igor Minevich},
  howpublished = {Private Communication},
  day          = {3},
  month        = {7},
  year         = {2019},
  address      = {Boston, MA},
  title      = {The Intouchpoints of the Orbit's Anticomplementary Triangle Sweep the Billiard},
  institution  = {Boston College}
}

@MISC{olga19_mitten,
  author       = {Olga Romaskevich},
  howpublished = {Private Communication},
  day          = {15},
  month        = {5},
  year         = {2019},
  address      = {Rennes, France},
  institution = {IRMAR, Université de Rennes},
  title      = {Proof the Mittenpunkt is Stationary}
}

@MISC{sergei19_private_meromorphic,
  author       = {Sergei Tabachnikov and Richard Schwartz},
  howpublished = {Private Communication},
  month        = {7},
  year         = {2019},
  title        = {Proof of Constant Cosine Sum ${N}>3$.}
}

@MISC{akopyan19_private_pedal_angles,
  author       = {Arseniy Akopyan},
  howpublished = {Private Communication},
  month        = {4},
  year         = {2020},
  title        = {Angles $\phi=\pi-\theta_i$ (resp. $\phi'=\phi-\theta_i'$), so equivalent to invariant sum (resp. product) of cosines.}
}

@MISC{akopyan19_private_half_sines,
  author       = {Arseniy Akopyan},
  howpublished = {Private Communication},
  month        = {1},
  year         = {2020},
  day          = {19},
  title        = {{Corollary of Theorem 6 in {A}kopyan et al., ``Billiards in Ellipses Revisited'' (2020)}.}
}

@MISC{akopyan20_private_cyclic_feet,
  author       = {Arseniy Akopyan},
  howpublished = {Private Communication},
  month        = {4},
  year         = {2020},
  title        = {Perpendicular feet to {N}-periodic or its tangential polygon are cyclic.}
}

@MISC{akopyan2020-private-affine,
  author       = {Arseniy Akopyan},
  howpublished = {Private Communication},
  month        = {1},
  year         = {2020},
  day          = {27},
  title        = {Follows from previous results: the construction is affine and holds for any two concentric conics.}
}

@MISC{sergei19_private_circles,
  author       = {Sergei Tabachnikov},
  howpublished = {Private Communication},
     month     = {7},
  year         = {2019},
  title        = {Proofs of Stationary Circle Radius for ${N}>3$.}
}

@MISC{sergei19_private_cosine_sum_expression,
  author       = {Sergei Tabachnikov},
  howpublished = {Private Communication},
  month        = {10},
  year         = {2019},
  title        = {Proof of Expression for Constant Cosine Sum for any $N$.}
}

@MISC{stachel2020-private-k113-k116,
  author = {Hellmuth Stachel},
 note={Technical University of Vienna},
  howpublished = {Private Communication},
  day = {2},
  month        = {5},
  year         = {2020},
  title        = {Proofs for $k_{113}$ and $k_{116}$.}
}

@MISC{moses2020-private-equilaterals,
  author       = {Peter Moses},
  note = {Private Communication},
  month        = {September},
  year         = {2020},
  title      = {Expressions for the Area of Isodynamic Pedal and Isogonic Antipedal Equilaterals}
}