@MISC{impa2019,
   author = {Dan Reznik and Ronaldo Garcia and Jair Koiller},
   title = {Adventures with Triangles and Billiards},
   url={impa.br/en_US/eventos-do-impa/eventos-2019/ 32o-coloquio-brasileiro-de-matematica},
   address={Rio de Janeiro},
   institution = {Instituto Nacional de    Matemática Pura e Aplicada (IMPA)},
   day={31},
   month={7},
   year={2019},
}

@MISC{impa2019_video,
   author = {Dan Reznik and Ronaldo Garcia and Jair Koiller},
   title = {Adventures with Triangles and Billiards},
   url={youtu.be/t872mftaI2g},
   publisher={YouTube},
   day={15},
   month={8},
   year={2019},
}

@MISC{reznik_web,
   author = {Dan Reznik and Ronaldo Garcia and Jair Koiller},
   title={New Properties of Triangular Orbits in Elliptic Billiards},
   url={dan-reznik.github.io/Elliptical-Billiards-Triangular-Orbits/},
   year={2019}
}

@MISC{reznik_media,
   author = {Dan Reznik and Ronaldo Garcia and Jair Koiller},
   title={Media for Elliptic Billards and Family of Orbits},
   url={dan-reznik.github.io/Elliptical-Billiards-Triangular-Orbits/videos.html},
   year={2019}
}

@MISC{reznik_loci,
   author = {Dan Reznik},
   title={Triangular Orbits in Elliptic Billards: Loci of Points {X}(1)~{X}(100)},
   url={dan-reznik.github.io/Elliptical-Billiards-Triangular-Orbits/loci_6tri.html},
   year={2019}
}

@MISC{dsr_vid11incenter,
  author={Dan Reznik},
  title={Triangular Orbits in Elliptic Billiards: Locus of the Incenter is an Ellipse},
  year={2011},
  url={youtu.be/9xU6T7hQMzs},
  publisher={YouTube}
}

@MISC{dsr_vid11e,
  author={Dan Reznik},
  title={Locus of the incircle touchpoints is a higher-order curve},
  year={2011},
  url={youtu.be/9xU6T7hQMzs},
  publisher={YouTube}
}

@MISC{dsr_applet11a,
  author={Dan Reznik},
  title={"Dynamic Billiards in Ellipse"},
  url={demonstrations.wolfram.com/DynamicBilliardsInEllipse/},
  publisher={Wolfram Demonstrations Project},
  year={2011}
}

@MISC{playlist2020-deltoid,
author={Dan Reznik},
  title={{YouTube} Playlist for Constant-Area Deltoid},
  year={2020},
  publisher={YouTube},
  url={bit.ly/3gqfIRm}
}

@MISC{dsr_main_videos_2019,
  author={Dan Reznik},
  title={New Properties of Polygonal Orbits in Elliptic Billiards: Main Videos},
  year={2019},
  url={bit.ly/2k5GXbB},
  publisher={YouTube}
}

@MISC{dsr_playlist_2020,
  author={Dan Reznik},
  title={Playlist for {``Loci of Triangular Orbits in an Elliptic Billiard''}},
  year={2020},
  url={bit.ly/3072LV3},
  publisher={YouTube}
}

@MISC{dsr_playlist_2020_proofs,
  author={Dan Reznik},
  title={Playlist for {``New Properties of Triangular Orbits in an Elliptic Billiard''}},
  year={2020},
  url={bit.ly/379mk1I},
  publisher={YouTube}
}

@MISC{dsr_playlist_2020_polygons,
  author={Dan Reznik},
  title={Playlist for {``Invariants of N-Periodics in the Elliptic Billiard''}},
  year={2020},
  url={bit.ly/2xeVGYw},
  publisher={YouTube}
}

@MISC{dsr_playlist_2020_invariants,
  author={Dan Reznik},
  title={Playlist for {``Invariants of N-Periodic Trajectories in Elliptic Billiards''}},
  year={2020},
  url={bit.ly/3aNqgqU},
  publisher={YouTube}
}


@MISC{dsr_locus_gallery_2019,
  author={Dan Reznik},
  title={Triangular Orbits in Elliptic Billards: Loci of Points {X(1)~X(100)}},
  year={2019},
  url={dan-reznik.github.io/Elliptical-Billiards-Triangular-Orbits/loci_6tri.html},
  publisher={GitHub}
}

@MISC{dsr_applet_x12345,
author={Dan Reznik},
  title={Applet Showing the Locus of Several Triangular Centers},
  year={2019},
  publisher={P5.js},
  url={editor.p5js.org/dreznik/full/i1Lin7lt7}
}

@MISC{darlan2020-app,
author={Iverton Darlan and Dan Reznik},
title={Loci of Ellipse-Mounted Triangle Centers},
year={2020},
url={dan-reznik.github.io/ellipse-mounted-triangles/}
}

@MISC{sundrop2016,
author={Sundrop Farms},
title={February 2016 Update},
howpublished={{YouTube}},
year={2016},
url={https://youtu.be/rRNy89j6wMc}
}

@MISC{esolar2017,
author={General Electric},
title={{eSolar} Concentrated Solar plants},
howpublished={{YouTube}},
year={2017},
url={https://youtu.be/ADbUsuNeRQE}
}

@MISC{garcia2021-ellipses-web,
author={Ronaldo Garcia and Dan Reznik and Jair Koiller},
  title={Companion Website to ``Loci of 3-periodics in an Elliptic Billiard: Why so many ellipses?''},
  month={1},
  year={2021},
  howpublished={{GitHub Pages}},
  url={dan-reznik.github.io/why-so-many-ellipses/}
}

@MISC{reznik2021-observable-media,
author={Dan Reznik},
  title={Experimental {P}oncelet Media Assets},
  month={5},
  year={2021},
  howpublished={{Observable}},
  url={https://observablehq.com/@dan-reznik/poncelet-media-assets}
}

@MISC{reznik2021-observable-poncelet-closure,
author={Dan Reznik},
  title={{P}oncelet's Closure Theorem},
  month={5},
  year={2021},
  howpublished={{Observable}},
  url={https://observablehq.com/@dan-reznik/poncelet-iteration}
}

@MISC{reznik2021-observable-jacobi-elliptic-fns,
author={Dan Reznik},
  title={Jacobi's complete integral of first kind and elliptic functions},
  month={5},
  year={2021},
  howpublished={{Observable}},
  url={https://observablehq.com/@dan-reznik/jacobi-elliptic-functions}
}

@MISC{reznik2021-observable-spatiotemporal,
author={Claudio Esperança and Ronaldo Garcia and Dan Reznik},
  title={Elliptic Billiard 3-Periodics & Spatio-Temporal Visualization},
  month={5},
  year={2021},
  howpublished={{Observable}},
  url={https://observablehq.com/@dan-reznik/elliptic-billiard-triangle}
}




