@BOOK{armitage-2006,
title={Elliptic Functions},
author={J. V. Armitage and W. F. Eberlein},
publisher={Cambridge University Press},
year={2006},
address={London},
isbn={9780511617867},
doi={doi.org/10.1017/CBO9780511617867}
}

@book{lang,
    AUTHOR = {Lang, Serge},
     TITLE = {Algebra},
    SERIES = {Graduate Texts in Mathematics},
    VOLUME = {211},
   EDITION = {third},
 PUBLISHER = {Springer-Verlag, New York},
      YEAR = {2002},
     PAGES = {xvi+914},
      ISBN = {0-387-95385-X},
   MRCLASS = {00A05 (15-02)},
  MRNUMBER = {1878556},
       DOI = {10.1007/978-1-4613-0041-0},
       URL = {doi.org/10.1007/978-1-4613-0041-0},
}
@article{kimber1993-aequa,
    AUTHOR = {Kimberling, Clark},
     TITLE = {Functional equations associated with triangle geometry},
   JOURNAL = {Aequationes Math.},
  FJOURNAL = {Aequationes Mathematicae},
    VOLUME = {45},
      YEAR = {1993},
     PAGES = {127--152},
       DOI = {10.1007/BF01855873},
       URL = {doi.org/10.1007/BF01855873},
}

@article{kimberling1993-rocky,
    AUTHOR = {Kimberling, Clark},
     TITLE = {Triangle centers as functions},
   JOURNAL = {Rocky Mountain J. Math.},
  FJOURNAL = {The Rocky Mountain Journal of Mathematics},
    VOLUME = {23},
      YEAR = {1993},
    NUMBER = {4},
     PAGES = {1269--1286},
       DOI = {10.1216/rmjm/1181072493},
       URL = {doi.org/10.1216/rmjm/1181072493},
}

@book{kimberling98,
AUTHOR = {Kimberling, Clark},
TITLE = {Triangle Centers and Central Triangles},
series={Congr. Numer.},
volume={129},
publisher={Utilitas Mathematica Publishing, Inc.},
issn={0316-1282},
year={1998}
}

@BOOK{poncelet1822,
author={Poncelet, J-V.},
    title = {Traité sur les propriétés projectives des figures},
    publisher = {Bachelier},
    address={Paris},
    year = {1822},
    url={gallica.bnf.fr/ark:/12148/bpt6k9608143v.texteImage}
}

@article{jacobi1849,
	Author = {Jacobi, C. G. J.},
	Journal = {J. reine angew. Math.},
	Pages = {376--389},
	Title = {{\"U}ber die {A}nwendung der elliptischen {T}ranscendentten auf ein bekanntes {P}roblem der {E}lementargeometrie},
	doi = {10.1515/crll.1828.3.376},
	Volume = {3},
	Year = {1828}
}

@BOOK{jacobi1884,
 Title = {Vorlesungen \"uber {D}ynamik},
  Note = {Gehalten an der {U}niversit\"at zu {K}\"onigsberg im {W}intersemester 1842--1843},
  Publisher = {Druck \& Verlag von George Reimer},
  Address = {Berlin},
	Author = {Jacobi, C. G. J.},
	Editor = {Alfred Clebsch},
	Year = {1884},
	url={quod.lib.umich.edu/u/umhistmath/AAS8078.0001.001/5?rgn=full+text;view=pdf}
}
	
@ARTICLE{jacobi1837, 
    author = {Jacobi, C. G. J.},
    title = {Zur {T}heorie der {V}ariations-{R}echnung und der {D}ifferential-{G}leichungen},
    journal = {J. reine angew. Math.},
    volume = {17},
    year = {1837},
    pages = {68--82},
    issn = {0075-4102},
    mrclass = {DML},
    mrnumber = {1578150},
    doi = {10.1515/crll.1837.17.68},
    url = {doi.org/10.1515/crll.1837.17.68},
}

@article{jacobi1839,
	Author = {Jacobi, C. G. J.},
	Journal = {J. reine angew. Math.},
	Keywords = {doi:10.1515/crll.1839.19.309},
	Pages = {309--313},
	Title = {Note von der geod\"atischen {L}inie auf einem {E}llipsoid und den verschiedenen {A}nwendungen einer merkw\"urdigen analytischen {S}ubstitution [The geodesic on an ellipsoid and various applications of a remarkable analytical substitution].},
	Volume = {19},
	Year = {1839},
	doi={doi:10.1515/crll.1839.19.309},
  notes={Letter to Bessel, Dec. 28, 1838. French translation (1841)}
}

@article{darboux1870,
   year={1870},
   author={Darboux, Gaston},
   title={Sur les polygones inscrits et circonscrits à l'ellipso\"ide},
   journal={Bulletin de la {S}ociété {P}hilomatique de {P}aris},
   series={6e serie},
   volume={7},
   pages={92--95},
   url={www.biodiversitylibrary.org/item/98693#page/98/mode/1up}
}

@article{birkhoff1927,
	Author = {Birkhoff, G.},
	Doi = {10.1007/BF02421325},
	Journal = {Acta Mathematica},
	Number = {1},
	Pages = {359--379},
	Title = {On the periodic motions of dynamical systems},
	Url = {doi.org/10.1007/BF02421325},
	Volume = {50},
	Year = {1927}
}

@article{kaloshin2018,
   author={Vadim Kaloshin and Alfonso Sorrentino},
   title={On the Integrability of {B}irkhoff Billiards},
   year={2018},
   journal={Phil. Trans. R. Soc.},
   volume={A},
   number={376},
   doi={doi.org/10.1098/rsta.2017.0419}
}

 

@ARTICLE{chasles1843,
  author={Chasles, M},
  title={ Propri\'et\'es gen\'erales des arcs d'une section conique dont la diff\'erence est rectifiable.},
  journal={Comptes Rendus Hebdomadaires des S\'eances de l'Acad\'emie des Sciences},
  pages={838--844},
  year={1843},
  volume={17},
}

@book{carneiro2005,
    AUTHOR = {Ragazzo, Clodoaldo G. and Dias Carneiro, M\'{a}rio J. and Addas
              Zanata, Salvador},
     TITLE = {Introdu\c{c}\~{a}o \`a din\^{a}mica de aplica\c{c}\~{o}es do tipo twist},
    SERIES = {Publica\c{c}\~{o}es Matem\'{a}ticas do IMPA.  },
 PUBLISHER = {Instituto Nacional de Matem\'{a}tica Pura e Aplicada (IMPA), Rio
              de Janeiro},
      YEAR = {2005},
     PAGES = {ii+168},
}
@ARTICLE{pavel2014,
  author={ Dolgirev, P. E.},
  title={ On some properties of confocal conics},
  journal={J. of Classical Geometry},
  pages={4 --11},
  year={2014},
  volume={3},
}
 
@ARTICLE{neumann1859,
  author={Neumann, C.},
  title={De problemate quodam mechanico, quod ad primam integralium ultraellipticorum classem revocatur},
  journal={J. reine angew. Math.},
  pages={46--63},
  year={1859},
  volume={56},
  doi = {10.1515/crll.1859.56.46}
}

@ARTICLE{griffiths1978,
author={Philipp Griffiths and Joseph Harris},
     TITLE = {On {C}ayley's explicit solution to {P}oncelet's porism},
   JOURNAL = {Enseign. Math. (2)},
  FJOURNAL = {L'Enseignement Math\'{e}matique. Revue Internationale. 2e S\'{e}rie},
    VOLUME = {24},
      YEAR = {1978},
     PAGES = {31--40},
}

@book {pugh2015,
    AUTHOR = {Pugh, Charles C.},
     TITLE = {Real mathematical analysis},
    SERIES = {Undergraduate Texts in Mathematics},
   EDITION = {Second},
 PUBLISHER = {Springer, Cham},
      YEAR = {2015},
     PAGES = {xi+478},
       DOI = {10.1007/978-3-319-17771-7},
       URL = {doi.org/10.1007/978-3-319-17771-7}
}
@BOOK{lockhart09,
  title={A Mathematician’s Lament},
  author={Paul Lockhart},
  publisher={Bellevue Library Press},
  year={2009},
  isbn={978-1934137178}
}

@BOOK{birkhoff66,
  author = {Birkhoff, G. D.},
  address={Providence, RI},
  title = {Dynamical Systems},
  edition = {1966},
  year = {1927},
  url = {www.freeinfosociety.com/media/pdf/2219.pdf},
  zblnumber = {53.0732.01},
  series = {Colloqium Publications},
  volume = 9,
  publisher = {American Mathematical Society}
}

@BOOK{sergei91,
    author = {Sergei Tabachnikov},
    title = {Geometry and Billiards},
    series = {Student Mathematical Library},
    volume = {30},
    publisher = {American Mathematical Society},
    address={Providence, RI},
    note={Mathematics Advanced Study Semesters, University Park, PA},
    year = {2005},
    pages = {xii+176},
    isbn = {0-8218-3919-5},
    mrclass = {51-02 (37-01 37D50 37J10 70H05 82C05)},
    mrnumber = {2168892},
    mrreviewer = {Roberto Markarian},
    doi = {10.1090/stml/030},
    url = {www.personal.psu.edu/sot2/books/billiardsgeometry.pdf},
    zblnumber = {1119.37001},
}

@BOOK{johnson29,
    author={Johnson, Roger A.},
    title={Modern Geometry: An Elementary Treatise on the Geometry of the Triangle and the Circle},
    year={1929},
    address={Boston, MA},
    publisher={Houghton Mifflin}
}

@BOOK{coxeter67,
    author = {Coxeter, Harold S. M. and Greitzer, Samuel L.},
    title = {Geometry Revisited},
    series = {New Mathematical Library},
    volume = {19},
    publisher = {Random House, Inc.},
    address={New York},
    year = {1967},
    pages = {xiv+193},
    isbn = {[0-394-70919-5]},
    mrclass = {51-01},
    mrnumber = {3155265},
    zblnumber = {0166.16402},
}

@BOOK{kozlov91,
  title={Billiards: A Genetic Introduction to the Dynamics of Systems with Impacts},
  author={Kozlov, V. V. and Treshch{\"e}v, D. V.},
  isbn={9781470445010},
  series={Translations of mathematical monographs},
  url={books.google.com.br/books?id=b18buAEACAAJ},
  year={1991},
  publisher={American Mathematical Society},
  address={Providence, RI}
}

@BOOK{dragovic11,
  title={Poncelet Porisms and Beyond: Integrable Billiards, Hyperelliptic Jacobians and Pencils of Quadrics},
  author = {Vladimir Dragovi\'{c} and Milena Radnovi\'{c}},
  isbn={9783034800143},
  lccn={2011926874},
  series={Frontiers in Mathematics},
  url={books.google.com.br/books?id=QcOmDAEACAAJ},
  year={2011},
  publisher={Springer},
  address={Basel}
}

@article{akopyan12,
  journal={Journal of Classical Geometry},
  volume={1},
  year={2012},
  author={Arseniy Akopyan},
  title={Conjugation of lines with respect to a triangle},
  url={users.mccme.ru/akopyan/papers/conjugation_en.pdf},
  pages={23--31}
}

@article{schwartz07,
  author={Richard Schwartz},
  title={The {P}oncelet grid},
  journal={Adv. Geometry},
  volume={7},
  year={2007},
  pages={157--175}
}

@article{sergei17-curvature,
    author={Ivan Izmestiev and  Sergei Tabachnikov},
    title={Ivory's theorem revisited},
    journal={Journal of Integrable Systems},
    volume={2},
    number={1},
    month={1},
    year={2017},
    url={doi.org/10.1093/integr/xyx006}
}

@article{sergei07-grid,
  author = {Mark Levi and Sergei Tabachnikov},
  title = {The {P}oncelet Grid and Billiards in Ellipses},
  journal = {The American Mathematical Monthly},
  volume = {114},
  number = {10},
  pages = {895-908},
  year  = {2007},
  publisher = {Taylor & Francis},
  doi = {10.1080/00029890.2007.11920482},
  URL = {doi.org/10.1080/00029890.2007.11920482}
}

@article{sergei10-pentagram,
  title={The Pentagram Map: A Discrete Integrable System},
  author={Valentin Ovsienko and Richard Schwartz and Sergei Tabachnikov},
  journal={S. Commun. Math. Phys.},
  year={2010},
  volume={299},
  number={409},
  url={doi.org/10.1007/s00220-010-1075-y}
}

@article{dekov05,
  author={Sara Grozdev and Deko Dekov},
  title={A Survey of Mathematics Discovered by Computers},
  journal={International Journal of Computer Discovered Mathematics (IJCDM)},
  issn={2367-7775},
  month={11},
  year={2015},
  url={www.journal-1.eu/2015/01/Grozdev-Dekov-A-Survey-pp.3-20.pdf}
}

@article{dekov14,
  author={Sara Grozdev and Deko Dekov},
  title={The computer program “Discoverer” as a tool of mathematical
investigation},
  journal={International Journal of Computer Discovered Mathematics (IJCDM)},
  month={6},
  year={2014},
  url={www.ddekov.eu/j/2014/JCGM201405.pdf}
}


@article{minevich17,
  title={Synthetic foundations of cevian geometry, {III}: The generalized orthocenter},
  author={Igor Minevich and Patrick Morton},
  year={2017},
  journal={Journal of Geometry},
  volume={108},
  pages={437--455},
  doi={10.1007/s00022-016-0350-2},
  url={arxiv.org/pdf/1506.06253.pdf}
}

@ARTICLE{connes07,
  title={A Property of Parallelograms Inscribed in Ellipses},
  author={Alain Connes and Don Zagier},
  journal={The American Mathematical Monthly},
  volume={114},
  number={10},
  year={2007},
  pages={909--914},
  publisher={Mathematical Association of America},
  url={people.mpim-bonn.mpg.de/zagier/files/amm/114/fulltext.pdf}
}

@ARTICLE{jovanovic11,
title={What are completely integrable {H}amilton Systems},
author={Božidar Jovanović},
journal={The Teaching of Mathematics},
year={2011},
volume={13},
number={1},
pages={1--14}
}

@ARTICLE{dragovic88,
    author = {Vladimir Dragovi\'{c} and Milena Radnovi\'{c}},
    title = {Caustics of {P}oncelet polygons and classical extremal polynomials},
    journal = {Regul. Chaotic Dyn.},
    fjournal = {Regular and Chaotic Dynamics. International Scientific Journal},
    volume = {24},
    year = {2019},
    number = {1},
    pages = {1--35},
    issn = {1560-3547},
    mrclass = {37D50 (14H70 26C05 41A10 70H06)},
    mrnumber = {3908388},
    doi = {10.1134/S1560354719010015},
    url = {doi.org/10.1134/S1560354719010015},
}

@ARTICLE{schwartz2016-com,
    author = {Richard Schwartz and Sergei Tabachnikov},
    title = {Centers of mass of {P}oncelet polygons, 200 years after},
    journal = {Math. Intelligencer},
    fjournal = {The Mathematical Intelligencer},
    volume = {38},
    year = {2016},
    number = {2},
    pages = {29--34},
    issn = {0343-6993},
    mrclass = {51M15 (01A55 51M25)},
    mrnumber = {3507116},
    mrreviewer = {Victor V. Pambuccian},
    doi = {10.1007/s00283-016-9622-9},
    url = {www.math.psu.edu/tabachni/prints/Poncelet5.pdf},
    zblnumber = {1351.01013},
}

@ARTICLE{sergei2002,
title={Ellipsoids, Complete Integrability and Hyperbolic Geometry},
 author={Sergei Tabachnikov},
 url={ftp.math.psu.edu/tabachni/prints/integr.pdf},
 journal={Moscow Mathematical Journal},
 volume={2},
 number={1},
 year={2002},
 pages={185--198}
}

@incollection{sergei2016proj,
  author       = {Sergei Tabachnikov}, 
  title        = {Projective configuration theorems: old wine into new wineskins},
  booktitle    = {Geometry in History},
  publisher    = {Springer Verlag},
  year         = 2019,
  editor       = {S. Dani and A. Papadopoulos},
  pages      = {401--434},
  url      = {arxiv.org/pdf/1607.04758.pdf}
}

@article{corentin2021-circum,
    author = {Fierobe, Corentin},
    title = {On the circumcenters of triangular orbits in elliptic billiard},
    year = {2021},
    url = {arxiv.org/pdf/1807.11903.pdf},
    note={Accepted},
    journal={Journal of Dynamical and Control Systems}
}


 	@article{katok3-1995,
 	author={  Gutkin, E. ;  Katok, A. },
 	title={Caustics for inner and outer billiards},
journal={Communications in Mathematical Physics},
volume={173},
year={1995},
pages={ 101--133},
}
 
@UNPUBLISHED{ronaldo16,
author= {Garcia, Ronaldo},
title= {Centers of Inscribed Circles in Triangular Orbits of an Elliptic Billiard},
year= {2016},
url= {arxiv.org/pdf/1607.00179v1.pdf},
note={arxiv}
}

@UNPUBLISHED{yiu2003,
    author = {Yiu, Paul},
    title = {A Tour of Triangle Geometry},
    year = {2003},
    publisher={Florida Atlantic University lecture notes},
    url = {math.fau.edu/Yiu/TourOfTriangleGeometry/MAAFlorida37040428.pdf}
}

@UNPUBLISHED{yiu2001,
 author={Yiu, Paul},
 title={Introduction to the Geometry of the Triangle},
 publisher={Florida Atlantic University lecture notes},
 url={math.fau.edu/Yiu/YIUIntroductionToTriangleGeometry121226.pdf},
 year={2001}
}

@ARTICLE{olga14,
    author = {Romaskevich, Olga},
    title = {On the incenters of triangular orbits on elliptic billiards},
    journal = {Enseign. Math.},
    fjournal = {L'Enseignement Math\'{e}matique},
    volume = {60},
    year = {2014},
    pages = {247--255},
    issn = {0013-8584},
    mrclass = {37D50 (14H50)},
    mrnumber = {3342645},
    mrreviewer = {Mohammad Soufi},
    doi = {10.4171/LEM/60-3/4-2},
    url = {arxiv.org/pdf/1304.7588.pdf},
    url2 ={dx.doi.org/10.4171/LEM/60-3/4-2},
    zblnumber = {1371.37073},
}

@ARTICLE{alexey14,
    author = {Glutsyuk, Alexey},
    title = {On odd-periodic orbits in complex planar billiards},
    journal = {J. Dyn. Control Syst.},
    fjournal = {Journal of Dynamical and Control Systems},
    volume = {20},
    year = {2014},
    number = {3},
    pages = {293--306},
    issn = {1079-2724},
    mrclass = {37C25 (37F05)},
    mrnumber = {3224419},
    doi = {10.1007/s10883-014-9236-5},
    url = {doi.org/10.1007/s10883-014-9236-5},
    arxiv = {1309.1849},
    zblnumber = {1333.37009},
}

@ARTICLE{centina15,
    author = {del Centina, Andrea},
    title = {{P}oncelet's Porism: a long story of renewed discoveries I},
    year = {2016},
    journal = {Arch. Hist. Exact Sci.},
    fjournal = {Archive for History of Exact Sciences},
    volume = {70},
    number = {2},
    pages = {1--122},
    issn = {0003-9519},
    mrclass = {01A60 (51M04 51N35)},
    doi = {10.1007/s00407-015-0163-y},
    url = {doi.org/10.1007/s00407-015-0163-y},
    zblnumber = {1333.01015},
}

@ARTICLE{grozdev17,
    author={Sava Grozdev and Hiroshi Okumura and Deko Dekov},
    title={Computer Discovered Mathematics: Triangles homothetic with the Orthic     triangle},
    journal={Int. J. of Comp. Disc. Mathematics (IJCDM)},
    fjournal={International Journal of Computer Discovered Mathematics (IJCDM)},
    issn={2367-7775},
    volume={2},
    year={2017},
    pages={46--54},
    mrclass={51-04 (68T01 68T99)},
    url={www.journal-1.eu/2017/Grozdev-Okumura-Dekov-Orthic-triangles-pp.46-54.pdf}
}

@ARTICLE{snyder92-ellipse,
    author={John M. Snyder},
    title={Interval Analysis for Computer Graphics},
    journal={Computer Graphics},
    volume={26},
    number={2},
    year={1992},
    pages={121--129}
}

@ARTICLE{fitzgibbon99-ellipse,
author={Fitzgibbon, Andrew and Pilu, Maurizio and Fisher, Robert},
title={Direct Least Square Fitting of Ellipses},
journal={Pattern Analysis and Machine Intelligence},
volume={21},
number={5},
year={1999},
month={5}
}

@ARTICLE{izmestiev2017-ivory,
title={Ivory’s theorem revisited},
author={Ivan Izmestiev and Serge Tabachnikov},
journal={Journal of Integrable Systems},
volume={2},
issue={1},
month={1},
year={2017},
url={doi.org/10.1093/integr/xyx006}
}

@BOOK{moore2009-interval-analysis,
title={Introduction to Interval Analysis},
author={Ramon Moore and R. Baker Kearfott and Michael J. Cloud},
publisher={SIAM},
year={2009}
}

@ARTICLE{akopyan2020-invariants,
author={Arseniy Akopyan and Richard Schwartz and Serge Tabachnikov},
title={Billiards in Ellipses Revisited},
journal={Eur. J. Math.},
year={2020},
month={9},
doi={10.1007/s40879-020-00426-9}
}

@ARTICLE{bialy2020-invariants,
author={Misha Bialy and Sergei Tabachnikov},
title={{Dan Reznik's} Identities and More},
journal={Eur. J. Math.},
month={9},
year={2020},
url={doi:10.1007/s40879-020-00428-7}
}

@article{caliz2020-area-product,
author={Chavez-Caliz, A.C.},
title={More About Areas and Centers of {Poncelet} Polygons}, journal={Arnold Math J.},
year={2020},
month={8},
url=
{doi:10.1007/s40598-020-00154-8}
}


@MISC{himmelstrand12,
title={A Survey of Dynamical Billiards},
author={Markus Himmelstrand and Victor Wilén and Maria Saprykina},
publisher={Department of Mathematics, Royal Institute of Technology (KTH)},
url={bit.ly/2kfYHkC},
year={2012}
}

@MISC{richardson10,
    author = {Richardson, Bill},
    title = {I was just looking for an example},
    year = {2010},
    url = {www.math.wichita.edu/~richardson/Orthic-story/orthic-triangle-complete.html},
    institution = {Wichita State University},
}

@misc{etc,
    author = {Kimberling, Clark},
    title = {Encyclopedia of Triangle Centers},
    year = {2019},
    journal={{ETC}},
    url = {faculty.evansville.edu/ck6/encyclopedia/ETC.html}
}

@MISC{wp-geodesics,
   title={Geodesics on an ellipsoid},
   author={Wikipedia},
   year={2019},
   url={en.wikipedia.org/wiki/Geodesics_on_an_ellipsoid#Geodesics_on_a_triaxial_ellipsoid}
}

@ARTICLE{mw,
    author = {Weisstein, Eric},
    title = {Mathworld},
    journal = {MathWorld--A Wolfram Web Resource},
    url = {mathworld.wolfram.com},
    year = {2019}
}

@MISC{mw_orthic,
    author = {Weisstein, E.},
    title = {Orthic Triangle},
    journal = {MathWorld--A Wolfram Web Resource},
    url = {mathworld.wolfram.com/OrthicTriangle.html},
    year = {2019}
}



@misc{mathematica_v10,
  author = {Stephen Wolfram},
  title = {Mathematica, Version 10.0},
  Address = {Champaign, IL},
  year={2019},
}


@BOOK{rozikov2018,
author={Utkir A Rozikov},
title={An Introduction To Mathematical Billiards},
year={2018},
isbn={978-9813276468},
publisher={World Scientific Publishing Company, Singapore}
}

@ARTICLE{sergei2016-com,
    author = {Richard Schwartz and Sergei Tabachnikov},
    title = {Centers of mass of {P}oncelet polygons, 200 years after},
    journal = {Math. Intelligencer},
    fjournal = {The Mathematical Intelligencer},
    volume = {38},
    year = {2016},
    number = {2},
    pages = {29--34},
    issn = {0343-6993},
    mrclass = {51M15 (01A55 51M25)},
    mrnumber = {3507116},
    mrreviewer = {Victor V. Pambuccian},
    doi = {10.1007/s00283-016-9622-9},
    url = {www.math.psu.edu/tabachni/prints/Poncelet5.pdf},
    zblnumber = {1351.01013},
}

@BOOK{preparata1988,
author={Franco Preparata and Michael Shamos},
year={1988},
edition={2nd},
title={Computational Geometry - An Introduction},
publisher={Springer-Verlag},
isbn={3-540-96131-3}
}


@book{carneiro2019-impa,
author={M. J. Carneiro and R.~Garcia},
title={Teorema dos Quatro V\'ertices e a sua Rec\'iproca},
publisher={Publicações Matem'sticas, IMPA},
note={$32^o$ Col\'oquio Brasileiro de Matem\'atica},
year={2019}
}

@BOOK{stachel2019-conics,
author={Georg Glaeser and Hellmuth Stachel and Boris Odehnal},
title={The Universe of Conics: From the ancient Greeks to 21st century developments},
publisher={Springer},
year={2016}
}
@misc{zhao-2021,
author={Yufei Zhao},
title={ Three Lemmas in Geometry},
year={2021},
url={https://yufeizhao.com/olympiad/three\_geometry\_lemmas.pdf}
}
@article{larry-2007, 
author={Larry Hoehn},
title={A new characterization of the {N}agel point},
journal={Missouri J. Math. Sci.},
year={2007},
volume={9},
number={1},
 url={ https://doi.org/10.35834/mjms/1316092236}
 }

@misc{stachel2021-billiards,
author={Hellmuth Stachel},
title={The Geometry of Billiards in Ellipses and their {P}oncelet Grids},
year={2021},
month={5},
note={{arXiv}:2105.03362},
}


@misc{stachel2021-billiards-param,
author={Hellmuth Stachel},
title={On the Motion of Billiards in Ellipses},
year={2021},
month={5},
note={{arXiv}:2105.03624v1},
}


@misc{reznik2021-n3-spatiotemporal,
author={Claudio Esperança and Ronaldo Garcia and Dan Reznik},
title={Space-Time Surfaces of {Jacobi-Poncelet} {N}-Periodics in the Elliptic Billiard},
howpublished={Observable},
year={2021},
url={https://observablehq.com/@dan-reznik/elliptic-billiard-triangle}
}

@misc{reznik2021-n3-jacobi,
author={Dan Reznik},
title={Jacobi's complete integral of first kind and elliptic functions},
howpublished={Observable},
year={2021},
url={https://observablehq.com/@dan-reznik/jacobi-elliptic-functions}
}

@BOOK{lockwood1961-curves,
title={A Book of Curves},
author={{E.H.} Lockwood},
publisher={Cambridge University Press},
year={1961}
}

@article{odehnal2011-poristic,
    AUTHOR = {Odehnal, Boris},
     TITLE = {Poristic loci of triangle centers},
   JOURNAL = {J. Geom. Graph.},
  FJOURNAL = {Journal for Geometry and Graphics},
    VOLUME = {15},
      YEAR = {2011},
    NUMBER = {1},
     PAGES = {45--67},
      ISSN = {1433-8157},
   MRCLASS = {51M04 (51N35)},
  MRNUMBER = {2858157},
}

@BOOK{zwikker2005,
title={The Advanced Geometry of Plane Curves and Their Applications},
author={C. Zwikker},
year={2005},
publisher={Dover Publications}
}

@BOOK{winston,
author={Roland Winston and Juan Minano and Pablo G. Benitez},
title={Non-Imaging Optics},
publisher={Elsevier},
year={2005}
}

@BOOK{wells1991,
title={The Penguin Dictionary of Curious and Interesting Geometry},
author={David Wells},
publisher={Penguin Books},
year={1991},
isbn={0140118136}
}

@MISC{ferreol2017-deltoid,
title={Encyclopédie des Formes Mathématiques Remarquables (Deltoid Curve)},
author={Robert Ferréol},
year={2017},
url={mathcurve.com/courbes2d.gb/deltoid/deltoid.shtml}
}

@article{stachel-ivory-2019,
author={Hellmuth Stachel},
title={Recalling Ivory's Theorem },
journal={FME Transactions},
year={2019},
vol={47},
pages={355--359}
}

@article {mitrea_1994,
    AUTHOR = {Mitrea, Dorina and Mitrea, Marius},
     TITLE = {A generalization of a theorem of {E}uler},
   JOURNAL = {Amer. Math. Monthly},
  FJOURNAL = {American Mathematical Monthly},
    VOLUME = {101},
      YEAR = {1994},
    NUMBER = {1},
     PAGES = {55--58},
      ISSN = {0002-9890},
   MRCLASS = {51M04},
  MRNUMBER = {1252706},
MRREVIEWER = {E. J. F. Primrose},
       DOI = {10.2307/2325125},
       URL = {doi.org/10.2307/2325125},
}

@article {mandan_1979,
    AUTHOR = {Mandan, Sahib Ram},
     TITLE = {Orthologic {D}esargues' figure},
   JOURNAL = {J. Austral. Math. Soc. Ser. A},
  FJOURNAL = {Australian Mathematical Society. Journal. Series A. Pure
              Mathematics and Statistics},
    VOLUME = {28},
      YEAR = {1979},
    NUMBER = {3},
     PAGES = {295--302},
      ISSN = {0263-6115},
   MRCLASS = {51A05 (51N15)},
  MRNUMBER = {557278},
MRREVIEWER = {Libu\v{s}e Markov\'{a}},
}


@article{thebault-1952,
    AUTHOR = {Th\'{e}bault, Victor},
     TITLE = {Perspective and orthologic triangles and tetrahedrons},
   JOURNAL = {Amer. Math. Monthly},
  FJOURNAL = {American Mathematical Monthly},
    VOLUME = {59},
      YEAR = {1952},
     PAGES = {24--28},
      ISSN = {0002-9890},
   MRCLASS = {48.0X},
  MRNUMBER = {44845},
       DOI = {10.2307/2307184},
       URL = {doi.org/10.2307/2307184}
}

@article{hartmann2010-apollonius,
title={Apollonius's Ellipse and Evolute Revisited -- The Alternative Approach to the Evolute},
author={Frederick Hartmann and Robert Jantzen},
journal={Convergence},
month={8},
year={2010},
url={www.maa.org/book/export/html/116803}
}

@book{pedoe1970,
    AUTHOR = {Pedoe, D.},
     TITLE = {A course of geometry for colleges and universities},
 PUBLISHER = {Cambridge University Press, London-New York},
      YEAR = {1970},
     PAGES = {xvi+449},
   MRCLASS = {50.00},
  MRNUMBER = {0267442},
MRREVIEWER = {H. S. M. Coxeter}
}

@book{ostermann2012,
AUTHOR = {A. Ostermann and G. Wanner},
TITLE = {Geometry by Its History},
PUBLISHER = {Springer Verlag},
YEAR = {2012}
}

@BOOK{patrascu2020,
title={The Geometry of the Orthological Triangles},
author={Ion Pătrașcu and Florentin Smarandache},
publisher={Pons Editions},
year={2020},
url={fs.unm.edu/GeometryOrthologicalTriangles.pdf},
isbn={978-1-59973-653-2}
}


@article {giblin_2014,
    AUTHOR = {Giblin, P. J. and Warder, J. P.},
     TITLE = {Evolving evolutoids},
   JOURNAL = {Amer. Math. Monthly},
  FJOURNAL = {American Mathematical Monthly},
    VOLUME = {121},
      YEAR = {2014},
    NUMBER = {10},
     PAGES = {871--889},
      ISSN = {0002-9890},
   MRCLASS = {53A04 (58K05)},
  MRNUMBER = {3295661},
MRREVIEWER = {Ra\'{u}l Oset Sinha},
       DOI = {10.4169/amer.math.monthly.121.10.871},
       URL = {doi.org/10.4169/amer.math.monthly.121.10.871},
}

@article {reventos_2007,
    AUTHOR = {Escudero, Carlos A. and Revent\'{o}s, Agust\'{\i}},
     TITLE = {An interesting property of the evolute},
   JOURNAL = {Amer. Math. Monthly},
  FJOURNAL = {American Mathematical Monthly},
    VOLUME = {114},
      YEAR = {2007},
    NUMBER = {7},
     PAGES = {623--628},
      ISSN = {0002-9890},
   MRCLASS = {53A04},
  MRNUMBER = {2341325},
       DOI = {10.1080/00029890.2007.11920452},
       URL = {doi.org/10.1080/00029890.2007.11920452},
}

@article{steiner1838,
author={Jakob Steiner},
journal={{Abhandlungen der Königlichen Akademie der Wissenshaften zu Berlin}},
year=1838,
title={{Über den Krümmungs-Schwerpunkt ebener Curven}},
pages={19--91}
}

@incollection{kaiser1990-convex,
author={M.J. Kaiser and T.L. Morin and T.B. Trafalis},
title={Centers and invariant points of convex bodies},
booktitle={Applied Geometry and Discrete Mathematics: The Victor Klee Festschrift},
editor={Peter Gritzmann and Bernd Sturmfels},
publisher={American Mathematical Society},
address={Providence, RI},
volume={4},
year={1990},
pages={367--386}
}

@incollection{gruber1993-convex,
  author       = {P.M. Gruber}, 
  title        = {History of Convexity},
  booktitle    = {Handbook of Convex Geometry, Part A},
  publisher    = {Elsevier},
  year         = 1993,
  editor       = {P.M. Gruber and J.M. Wills},
  volume       = {A},
  pages = {1--15}
}

@book{fischer2001,
author={G. Fischer},
title={Plane Algebraic Curves},
publisher={American Mathematical Society},
address={Providence, RI},
year={2001}
}

@book{akopyan2007-conics,
author={A. V. Akopyan and A. A. Zaslavsky}, title={Geometry of Conics},
publisher={Amer. Math. Soc.},
address={Providence, RI},
year={2007}
}

@book{ahlfors1979-complex,
author={Lars V. Ahlfors},
title={Complex Analysis: an Introduction to Theory of Analytic Functions of One Complex Variable},
year={1979},
publisher={{McGraw Hill}}
}

@article{georgiev2012-poncelet,
author={Vladimir Georgiev and Veneta Nedyalkova},
title={Poncelet’s porism and periodic triangles in ellipse},
year={2012},
journal={Dynamat},
url={www.dynamat.oriw.eu/upload_pdf/20121022_153833__0.pdf}
}

@book{johnson1960,
title={Advanced Euclidean Geometry},
author={Roger A. Johnson},
note={editor John W. Young},
publisher={Dover},
address={New York, NY},
edition={2nd},
year={1960},
url={bit.ly/33cbrvd}
}

@article{pamfilos2004,
title={On Some Actions of {$D_3$} on a Triangle},
author={Paris Pamfilos},
journal={Forum Geometricorum},
volume={4},
year={2004},
pages={157--176},
issn={1534-1178},
url={forumgeom.fau.edu/FG2004volume4/FG200420.pdf}
}

@BOOK{gallatly1914-geometry,
author={William Gallatly},
title={The modern geometry of the triangle},
publisher={Francis Hodgson},
year={1914}
}

@book{coolidge1971,
author={Coolidge, J. L.},
title={A Treatise on the Geometry of the Circle and Sphere},
address={New York,NY},
publisher={Chelsea},
year={1971}
}

@MISC{ferreol-strophoid,
author={Robert Ferréol},
title={Mathcurve Portal},
year={2020},
url={mathcurve.com/courbes2d.gb/strophoiddroite/strophoiddroite.shtml}
}



@ARTICLE{pamfilos2020,
title={Triangles Sharing their Euler Circle and Circumcircle},
author={Paris Pamfilos},
journal={International Journal of Geometry},
volume={9},
number={1},
pages={5--24},
year={2020},
url={ijgeometry.com/wp-content/uploads/2020/03/1.-5-24.pdf}
}

@MISC{bradley2011-brocard,
title={The Geometry of the Brocard Axis and Associated Conics},
author={Christopher Bradley},
year={2011},
note={CJB/2011/170},
url={people.bath.ac.uk/masgcs/Article116.pdf}
}

@ARTICLE{bradley2007-brocard,
title={On a Construction of {H}agge},
author={Christopher Bradley and Geoff Smith},
journal={Forum Geometricorum},
volume={7},
year={2007},
pages={231-–247},
issn={1534-1178},
url={forumgeom.fau.edu/FG2007volume7/FG200730.pdf}
}

@BOOK{honsberger1995,
author={Ross Honsberger},
title={Episodes in Nineteenth and Twentieth Century Euclidean Geometry},
publisher={Mathematical Association of America},
year={1995}
}

@article{shail1996-brocard,
author={Shail, Ron},
title={Some properties of Brocard points},
journal={The Mathematical Gazette},
publisher={Cambridge University Press},
volume={80},
number={489},
year={1996},
pages={485–491},
DOI={10.2307/3618511}
}

@book{akopyan2007,
author={A. V. Akopyan and A. A. Zaslavsky},
title={Geometry of Conics},
published={Amer. Math. Soc.}, address={Providence, RI},
year={2007},
note={Russian 2nd edition},
url={https://bit.ly/32n7t3t}
}

@MISC{gibert2020-brocard,
title={Brocard Triangles and Related Cubics},
author={Bernard Gibert},
year={2020},
url={https://bernard-gibert.pagesperso-orange.fr/gloss/brocardtriangles.html}
}

@MISC{gibert2021-ctc,
title={Catalogue of triangle cubics},
author={Bernard Gibert},
year={2021},
url={https://bernard-gibert.pagesperso-orange.fr/index.html}
}

@MISC{gibert2021-thomson,
title={Thomson cubic},
howpublished={Catalogue of triangle cubics},
author={Bernard Gibert},
year={2021},
url={https://bernard-gibert.pagesperso-orange.fr/Exemples/k002.html}
}


@BOOK{daepp-2019,
title={Finding Ellipses: What {B}laschke Products, {P}oncelet’s Theorem, and the Numerical Range Know about Each Other},
author={Ulrich Daepp and Pamela Gorkin and Andrew Shaffer and Karl Voss},
publisher={{MAA Press/AMS}},
year={2019},
ISBN={9781470443832}
}

@MISC{etc-central-lines,
    author = {Kimberling, Clark},
    title = {Central Lines of Triangle Centers},
    year = {2020},
    url = {bit.ly/34vVoJ8}
}

@MISC{stackexchange-x3a,
    TITLE = {General Formula for Equidistant Locus of Three Points},
    AUTHOR = {Ng Chung Tak},
    HOWPUBLISHED = {Mathematics Stack Exchange},
    NOTE = {URL:https://math.stackexchange.com/q/1628779 (version: 2016-01-27)},
    EPRINT = {https://math.stackexchange.com/q/1628779},
    URL = {https://math.stackexchange.com/q/1628779}
}

@article{sergei2014-circumcenter-of-mass,
author={Sergei Tabachnikov and Emmanuel Tsukerman},
title={Circumcenter of Mass and Generalized Euler Line},
journal={Discrete Comput. Geom.},
volume={51},
pages={815-–836},
year={2014},
doi={10.1007/s00454-014-9597-2}
}

@book{darboux1917,
Title={Principes de G\'eom\'etrie Analytique},  
Author={Darboux, Gaston},
  Publisher = {Gauthier-Villars},
  Address = {Paris},
Year={1917}
}

@book{lebesgue1942,
AUTHOR = {Lebesgue, H.},
TITLE = {Les coniques},
PUBLISHER = {Gauthier-Villars},
address={Paris},
YEAR = {1942},
}

@book{berger1987,
Title={Geometry I, II},  
Author={Berger, Marcelo},
  Publisher = {Springer Verlag},
  Address = {New York},
Year={1987}
}

@article{veselov1991,
author={J. Moser, A. P. Veselov},
title={ Discrete versions of some classical integrable systems and factorization
of matrix polynomials},
journal={Commun. Math. Phys.},
volume={139},
pages={217--243},
year={1991},
}
 
@article{veselov1988,
author={A. P. Veselov},
title={Integrable discrete-time systems and difference operators},
journal={Functional Analysis and Applications},
volume={22},
pages={1--13},
year={1988},
}

@article {wu-2000,
    AUTHOR = {Wu, Pei Yuan},
     TITLE = {Polygons and numerical ranges},
   JOURNAL = {Amer. Math. Monthly},
  FJOURNAL = {American Mathematical Monthly},
    VOLUME = {107},
      YEAR = {2000},
    NUMBER = {6},
     PAGES = {528--540},
       DOI = {10.2307/2589348},
       URL = {https://doi.org/10.2307/2589348},
}

@article {akopyan_2018,
    AUTHOR = {Akopyan, Arseniy},
     TITLE = {3-webs generated by confocal conics and circles},
   JOURNAL = {Geom. Dedicata},
  FJOURNAL = {Geometriae Dedicata},
    VOLUME = {194},
      YEAR = {2018},
     PAGES = {55--64},
       DOI = {10.1007/s10711-017-0265-6},
       URL = {https://doi.org/10.1007/s10711-017-0265-6},
}

@article {barth1996,
    AUTHOR = {Barth, W. and Bauer, Th.},
     TITLE = {Poncelet theorems},
   JOURNAL = {Exposition. Math.},
  FJOURNAL = {Expositiones Mathematicae. International Journal},
    VOLUME = {14},
      YEAR = {1996},
    NUMBER = {2},
     PAGES = {125--144},
}

@article {centina2020,
    AUTHOR = {Del Centina, Andrea},
     TITLE = {Pascal's {\it mystic hexagram}, and a conjectural restoration
              of his lost treatise on conic sections},
   JOURNAL = {Arch. Hist. Exact Sci.},
  FJOURNAL = {Archive for History of Exact Sciences},
    VOLUME = {74},
      YEAR = {2020},
    NUMBER = {5},
     PAGES = {469--521},
       DOI = {10.1007/s00407-020-00251-2},
       URL = {https://doi.org/10.1007/s00407-020-00251-2},
}

@article {centina2016a,
    AUTHOR = {Del Centina, Andrea},
     TITLE = {Poncelet's porism: a long story of renewed discoveries, {I}},
   JOURNAL = {Arch. Hist. Exact Sci.},
  FJOURNAL = {Archive for History of Exact Sciences},
    VOLUME = {70},
      YEAR = {2016},
    NUMBER = {1},
     PAGES = {1--122},
       DOI = {10.1007/s00407-015-0163-y},
       URL = {https://doi.org/10.1007/s00407-015-0163-y},
}
@article {centina2016b,
    AUTHOR = {Del Centina, Andrea},
     TITLE = {Poncelet's porism: a long story of renewed discoveries, {II}},
   JOURNAL = {Arch. Hist. Exact Sci.},
  FJOURNAL = {Archive for History of Exact Sciences},
    VOLUME = {70},
      YEAR = {2016},
    NUMBER = {2},
     PAGES = {123--173},
       DOI = {10.1007/s00407-015-0164-x},
       URL = {https://doi.org/10.1007/s00407-015-0164-x},
}
@article {cima2010,
    AUTHOR = {Cima, Anna and Gasull, Armengol and Ma\~{n}osa, V\'{\i}ctor},
     TITLE = {On {P}oncelet's maps},
   JOURNAL = {Comput. Math. Appl.},
  FJOURNAL = {Computers \& Mathematics with Applications. An International
              Journal},
    VOLUME = {60},
      YEAR = {2010},
    NUMBER = {5},
     PAGES = {1457--1464},
       DOI = {10.1016/j.camwa.2010.06.027},
       URL = {https://doi.org/10.1016/j.camwa.2010.06.027},
}

@article {cieslak2016,
    AUTHOR = {Cie\'{s}lak, W. and Mozgawa, W.},
     TITLE = {In search of a measure in {P}oncelet's porism},
   JOURNAL = {Acta Math. Hungar.},
  FJOURNAL = {Acta Mathematica Hungarica},
    VOLUME = {149},
      YEAR = {2016},
    NUMBER = {2},
     PAGES = {338--345},
       DOI = {10.1007/s10474-016-0620-3},
       URL = {https://doi.org/10.1007/s10474-016-0620-3},
}
@book {berger2010,
    AUTHOR = {Berger, Marcel},
     TITLE = {Geometry revealed},
      NOTE = {A Jacob's ladder to modern higher geometry,
              Translated from the French by Lester Senechal},
 PUBLISHER = {Springer, Heidelberg},
      YEAR = {2010},
     PAGES = {xvi+831},
      ISBN = {978-3-540-70996-1},
   MRCLASS = {51-01 (01A05 51M05 51M10 51N10 52-01 53-01)},
  MRNUMBER = {2724440},
MRREVIEWER = {Athanase Papadopoulos},
       DOI = {10.1007/978-3-540-70997-8},
       URL = {https://doi.org/10.1007/978-3-540-70997-8},
}

@book {gla2016,
    AUTHOR = {Glaeser, Georg and Stachel, Hellmuth and Odehnal, Boris},
     TITLE = {The universe of conics},
      NOTE = {From the ancient Greeks to 21st century developments},
 PUBLISHER = {Springer Spektrum, Berlin},
      YEAR = {2016},
     PAGES = {viii+488},
       DOI = {10.1007/978-3-662-45450-3},
       URL = {https://doi.org/10.1007/978-3-662-45450-3},
}

@article {hahu2015,
    AUTHOR = {Halbeisen, Lorenz and Hungerb\"{u}hler, Norbert},
     TITLE = {A simple proof of {P}oncelet's theorem (on the occasion of its
              bicentennial)},
   JOURNAL = {Amer. Math. Monthly},
  FJOURNAL = {American Mathematical Monthly},
    VOLUME = {122},
      YEAR = {2015},
    NUMBER = {6},
     PAGES = {537--551},
       DOI = {10.4169/amer.math.monthly.122.6.537},
       URL = {https://doi.org/10.4169/amer.math.monthly.122.6.537},
}

@article {hahu2017,
    AUTHOR = {Halbeisen, Lorenz and Hungerb\"{u}hler, Norbert},
     TITLE = {Closed chains of conics carrying {P}oncelet triangles},
   JOURNAL = {Beitr. Algebra Geom.},
  FJOURNAL = {Beitr\"{a}ge zur Algebra und Geometrie. Contributions to Algebra
              and Geometry},
    VOLUME = {58},
      YEAR = {2017},
    NUMBER = {2},
     PAGES = {277--302},
       DOI = {10.1007/s13366-016-0327-1},
       URL = {https://doi.org/10.1007/s13366-016-0327-1},
}

@article {leb1921,
    AUTHOR = {Lebesgue, Henri},
     TITLE = {Expos\'{e} g\'{e}om\'{e}trique d'un m\'{e}moire de {C}ayley sur les polygones
              de {P}oncelet},
   JOURNAL = {Ann. Fac. Sci. Toulouse Sci. Math. Sci. Phys. (3)},
  FJOURNAL = {Annales de la Facult\'{e} des Sciences de Toulouse pour les
              Sciences Math\'{e}matiques et les Sciences Physiques. S\'{e}rie 3},
    VOLUME = {13},
      YEAR = {1921},
     PAGES = {61--91},
       URL = {http://www.numdam.org/item?id=AFST_1921_3_13__61_0},
}

@article {mirman2012,
    AUTHOR = {Mirman, Boris},
     TITLE = {Explicit solutions to {P}oncelet's porism},
   JOURNAL = {Linear Algebra Appl.},
  FJOURNAL = {Linear Algebra and its Applications},
    VOLUME = {436},
      YEAR = {2012},
    NUMBER = {9},
     PAGES = {3531--3552},
       DOI = {10.1016/j.laa.2011.12.024},
       URL = {https://doi.org/10.1016/j.laa.2011.12.024},
}

@article {previ1999,
    AUTHOR = {Previato, Emma},
     TITLE = {Poncelet's theorem in space},
   JOURNAL = {Proc. Amer. Math. Soc.},
  FJOURNAL = {Proceedings of the American Mathematical Society},
    VOLUME = {127},
      YEAR = {1999},
    NUMBER = {9},
     PAGES = {2547--2556},
       DOI = {10.1090/S0002-9939-99-05307-1},
       URL = {https://doi.org/10.1090/S0002-9939-99-05307-1},
}

@article {drag2014,
    AUTHOR = {Dragovi\'{c}, Vladimir and Radnovi\'{c}, Milena},
     TITLE = {Bicentennial of the great {P}oncelet theorem (1813--2013):
              current advances},
   JOURNAL = {Bull. Amer. Math. Soc. (N.S.)},
  FJOURNAL = {American Mathematical Society. Bulletin. New Series},
    VOLUME = {51},
      YEAR = {2014},
    NUMBER = {3},
     PAGES = {373--445},
       DOI = {10.1090/S0273-0979-2014-01437-5},
       URL = {https://doi.org/10.1090/S0273-0979-2014-01437-5},
}

@incollection {shoe1983,
    AUTHOR = {Schoenberg, I. J.},
     TITLE = {On {J}acobi-{B}ertrand's proof of a theorem of {P}oncelet},
 BOOKTITLE = {Studies in pure mathematics},
     PAGES = {623--627},
 PUBLISHER = {Birkh\"{a}user, Basel},
      YEAR = {1983},
}

@MISC{bry-2010,
    AUTHOR = {Bryant, R.},
     TITLE = {{P}oncelet's theorem.},
note = {http://arimoto.lolipop.jp/PonceletforBMC.pdf},
year={2010}
}
 
 
 @book {drag_milena2011,
    AUTHOR = {Dragovi\'{c}, Vladimir and Radnovi\'{c}, Milena},
     TITLE = {Poncelet porisms and beyond},
    SERIES = {Frontiers in Mathematics},
      NOTE = {Integrable billiards, hyperelliptic Jacobians and pencils of
              quadrics},
 PUBLISHER = {Birkh\"{a}user/Springer Basel AG, Basel},
      YEAR = {2011},
     PAGES = {viii+293},
       DOI = {10.1007/978-3-0348-0015-0},
       URL = {https://doi.org/10.1007/978-3-0348-0015-0},
}

@article {melrose1979,
    AUTHOR = {Guillemin, Victor and Melrose, Richard},
     TITLE = {The {P}oisson summation formula for manifolds with boundary},
   JOURNAL = {Adv. in Math.},
  FJOURNAL = {Advances in Mathematics},
    VOLUME = {32},
      YEAR = {1979},
    NUMBER = {3},
     PAGES = {204--232},
       DOI = {10.1016/0001-8708(79)90042-2},
       URL = {https://doi.org/10.1016/0001-8708(79)90042-2},
}

@book{morley54,
author={Frank Morley and F. Vigor Morley},
title={Inversive Geometry},
publisher={Chelsea},
year={1954}
}

@misc{etc-bicentric,
    author = {Kimberling, Clark},
    title = {Bicentric Pairs},
    year = {2020},
    url = {bit.ly/2Svh9Dr}
}

@book {devaney,
    AUTHOR = {Devaney, Robert L.},
     TITLE = {An introduction to chaotic dynamical systems},
    SERIES = {Studies in Nonlinearity},
      NOTE = {Reprint of the second (1989) edition},
 PUBLISHER = {Westview Press, Boulder, CO},
      YEAR = {2003},
     PAGES = {xvi+335},
}

@article {dolgirev2014,
    AUTHOR = {Dolgirev, P. E.  },
     TITLE = {On some properties of confocal conics},
   JOURNAL = {Journal of Classic Geometry},
    VOLUME = {03},
      YEAR = {2014},
     PAGES = {4-11},
       URL = {https://jcgeometry.org/Articles/Volume3/JCG2014V2pp4-11.pdf},
}
 
 
 @article{bos-1987,
title={Poncelet's Closure Theorem},
author={H. J. M. Bos and C. Kers and D. W. Raven},
journal={Expo. Math.},
volume={5},
year={1987},
pages={289--364}
}
 
 @misc{nash2018-poncelet,
author={Oliver Nash},
title={Poring Over Poncelet's Porism},
year={2018},
url={http://bit.ly/3r1rwxv},
note={http://olivernash.org/2018/07/08/poring-over-poncelet/index.html}
}

@incollection {taba2004_magnetic,
    AUTHOR = {Tabachnikov, Serge},
     TITLE = {Remarks on magnetic flows and magnetic billiards, {F}insler
              metrics and a magnetic analog of {H}ilbert's fourth problem},
 BOOKTITLE = {Modern dynamical systems and applications},
     PAGES = {233--250},
 PUBLISHER = {Cambridge Univ. Press, Cambridge},
      YEAR = {2004},
}

 @article{akopyan2021,
author={Akopyan, Arseniy; Karasev, Roman},
title={When different norms lead to same billiard trajectories?},
journal={ European Journal of Mathematics},
URL={https://doi.org/10.1007/s40879-020-00405-0},
DOI={10.1007/s40879-020-00405-0},
year={2021},
}

@article {milena2003,
    AUTHOR = {Radnovi\'{c}, Milena},
     TITLE = {A note on billiard systems in {F}insler plane with elliptic
              indicatrices},
   JOURNAL = {Publ. Inst. Math. (Beograd) (N.S.)},
  FJOURNAL = {Institut Math\'{e}matique. Publications. Nouvelle S\'{e}rie},
    VOLUME = {74(88)},
      YEAR = {2003},
     PAGES = {97--101},
       DOI = {10.2298/PIM0374097R},
       URL = {https://doi.org/10.2298/PIM0374097R},
}


@article {richard_2007,
    AUTHOR = {Schwartz, Richard Evan},
     TITLE = {The {P}oncelet grid},
   JOURNAL = {Adv. Geom.},
  FJOURNAL = {Advances in Geometry},
    VOLUME = {7},
      YEAR = {2007},
    NUMBER = {2},
     PAGES = {157--175},
       DOI = {10.1515/ADVGEOM.2007.010},
       URL = {https://doi.org/10.1515/ADVGEOM.2007.010},
}

@article {birkhoff1922,
    AUTHOR = {Birkhoff, George D.},
     TITLE = {Surface transformations and their dynamical applications},
   JOURNAL = {Acta Math.},
  FJOURNAL = {Acta Mathematica},
    VOLUME = {43},
      YEAR = {1922},
    NUMBER = {1},
     PAGES = {1--119},
       DOI = {10.1007/BF02401754},
       URL = {https://doi.org/10.1007/BF02401754},
}

@article {kolod1985,
    AUTHOR = {Kolodziej, Rafal},
     TITLE = {The rotation number of some transformation related to
              billiards in an ellipse},
   JOURNAL = {Studia Math.},
  FJOURNAL = {Polska Akademia Nauk. Instytut Matematyczny. Studia
              Mathematica},
    VOLUME = {81},
      YEAR = {1985},
    NUMBER = {3},
     PAGES = {293--302},
       DOI = {10.4064/sm-81-3-293-302},
       URL = {https://doi.org/10.4064/sm-81-3-293-302},
}

 

@MISC{gibert2020-anti-brocard,
title={Brocard Triangles and Related Cubics},
author={Bernard Gibert},
year={2020},
url={https://bernard-gibert.pagesperso-orange.fr/gloss/anti-brocardtria.html}
}

@MISC{ferreol2020-limacon,
author={Robert Ferréol},
title={Pascal's Limaçon},
howpublished={Mathcurve Portal},
year={2020},
url={https://mathcurve.com/courbes2d.gb/limacon/limacon.shtml}
}


@MISC{oliver-2021,
author= {Oliver Nash},
title= {Poring {P}oncelet},
year= {2021},
howpublished={webpage}, url={http://olivernash.org/2018/07/08/poring-over-poncelet/index.html},
}

@MISC{drag-milena2021,
author= {Dragovi\'{c}, V. and Radnovi\'{c}, M.},
title= {Poncelet polygons and monotonicity of rotation numbers: iso-periodic confocal pencils of conics, hidden traps, and
marvels},
year= {2021},
note= {arXiv:2103.01215v1},
howpublished={arxiv}
}


@article {garcia2018,
    AUTHOR = {Garcia, R.},
     TITLE = {Circuncentros das \'orbitas triangulares de um bilhar elíptico },
   JOURNAL = {Nexus Mathematicae},
    VOLUME = {01},
      YEAR = {2018},
     PAGES = {1--15},
       URL = { https://www.revistas.ufg.br/nexus/article/view/50300},
}

@article{darij2012-ehrmann,
title={Ehrmann's third {L}emoine Circle},
author={Darij Grinberg},
journal={J. of Classical Geometry},
volume={1},
year={2012},
pages={40--52}
}

@article{chapple1746-poristics,
author={William Chapple},
title={An essay on the properties of triangles inscribed in, and circumscribed about two given circles},
journal={Miscellanea Curiosa Mathematica, The Gentleman's Magazine},
volume={4},
pages={117--124},
year={1746}
}


@article {jeromin2013,
    AUTHOR = {Hertrich-Jeromin, Udo and King, Alastair and O'Hara, Jun},
     TITLE = {On the {M}\"{o}bius geometry of {E}uclidean triangles},
   JOURNAL = {Elem. Math.},
  FJOURNAL = {Elemente der Mathematik},
    VOLUME = {68},
      YEAR = {2013},
    NUMBER = {3},
     PAGES = {96--114},
       DOI = {10.4171/EM/228},
       URL = {https://doi.org/10.4171/EM/228},
}

@article{bialy-maxim-2018,
author={M. Arnold, M. Bialy},
title={Nonsmooth convex caustics for Birkhoff billiards},  
journal={Pacific J. Math.},
volume={295},
year={2018}, 
number={2},
pages={257--269},
}


@article {ohara-2013,
    AUTHOR = {O'Hara, Jun},
     TITLE = {Isoperimetric characterization of the incenter of a triangle},
   JOURNAL = {Elem. Math.},
  FJOURNAL = {Elemente der Mathematik},
    VOLUME = {68},
      YEAR = {2013},
    NUMBER = {2},
     PAGES = {78--82},
       DOI = {10.4171/EM/223},
       URL = {https://doi.org/10.4171/EM/223},
}

@article{mather-1984,
 author={Mather, J.},
 title={Non-existence of invariant circles},
 journal={Ergod. Th. Dyn. Syst.},
 volume={4},
 year={1984},
 pages={301--309},
 }
 
  @article{woj-1986,
  author={ Wojtkowski, Maciej},
  title={  
Principles for the design of billiards with nonvanishing {L}yapunov exponents},
journal={  Comm. Math. Phys.},
volume={105},
year={1986},
number={3},
pages={391--414},
}


 @article{gruber-1990,
 author={  	Gruber, Peter M. },
 title={ Convex billiards},
journal={Geom. Dedicata },
volume={33},
year={1990},
number={2},
pages={205--226},
}


@article{weaver1927-poristic,
    AUTHOR = {Weaver, J. H.},
     TITLE = {Invariants of a poristic system of triangles},
   JOURNAL = {Bull. Amer. Math. Soc.},
  FJOURNAL = {Bulletin of the American Mathematical Society},
    VOLUME = {33},
      YEAR = {1927},
    NUMBER = {2},
     PAGES = {235--240},
      ISSN = {0002-9904},
   MRCLASS = {DML},
  MRNUMBER = {1561353},
       DOI = {10.1090/S0002-9904-1927-04367-1},
       URL = {doi.org/10.1090/S0002-9904-1927-04367-1},
}
@book{fuchs-2007,
author={Dmitry Fuchs and Sergei Tabachnikov},
title={Mathematical omnibus. Thirty lectures on classic mathematics},
publisher={American Mathematical Society, Providence, RI},
year={2007},
pages={ xvi+463},
}
 	
@book {ghys-2017,
    AUTHOR = {Ghys, \'{E}tienne},
     TITLE = {A singular mathematical promenade},
 PUBLISHER = {ENS \'{E}ditions, Lyon},
      YEAR = {2017},
     PAGES = {viii+302},
}


 	@book {bruce-1992,
 		AUTHOR = {Bruce, J. W. and Giblin, P. J.},
 		TITLE = {Curves and singularities},
 		EDITION = {Second},
 		NOTE = {A geometrical introduction to singularity theory},
 		PUBLISHER = {Cambridge University Press, Cambridge},
 		YEAR = {1992},
 		PAGES = {xviii+321},
 		DOI = {10.1017/CBO9781139172615},
 		URL = {https://doi.org/10.1017/CBO9781139172615},
 	}
 	
 	 	
 	@book {arnold-1994,
 		author = {Arnold, V. I.},
 	title = {Topological invariants of plane curves and caustics},
 		series = {University Lecture Series},
 	volume = {5},
 		NOTE = {Dean Jacqueline B. Lewis Memorial Lectures presented at
 			Rutgers University, New Brunswick, New Jersey},
 	publisher= {American Mathematical Society, Providence, RI},
 		year= {1994},
 	pages= {viii+60},
 	url = {https://doi.org/10.1090/ulect/005},
 	}
 	
  @book {sinai-1977,	
  author={Sinai, Ya. G. },
 	 title={Introduction to  ergodic theory },
	 publisher={   Princeton University Press, Princeton, NJ }, 
	 year={1977},
	 }
	  
@book{hassel-2003,	 	
author={Boris Hasselblatt and Anatole Katok},
title={A first course in dynamics. With a panorama of recent developments},
publisher={Cambridge University Press, New York}, 
year={2003},
pages={x+424},
}
	 
  @book{berger-2005,
    AUTHOR = {Berger, Marcel },
title={ Geometry Revealed: a Jacob’s Ladder to Higher Geometry},
publisher={  Springer Verlag, New York},
year={2005},
pages={x+831},
}
	
 @book {berger-1992,
    AUTHOR = {Berger, Marcel and Gostiaux, Bernard},
     TITLE = {G\'{e}om\'{e}trie diff\'{e}rentielle: vari\'{e}t\'{e}s, courbes et surfaces},
    SERIES = {Math\'{e}matiques. [Mathematics]},
   EDITION = {Second},
 PUBLISHER = {Presses Universitaires de France, Paris},
      YEAR = {1992},
     PAGES = {vi+513},
      ISBN = {2-13-044708-2},
   MRCLASS = {53-01 (58-01)},
  MRNUMBER = {1207362},
}


@article {miller-1925,
    AUTHOR = {Miller, Norman},
     TITLE = {Questions and {D}iscussions: {D}iscussions: {A}
              {G}eneralization of a {P}roperty of {C}onfocal {C}onics},
   JOURNAL = {Amer. Math. Monthly},
  FJOURNAL = {American Mathematical Monthly},
    VOLUME = {32},
      YEAR = {1925},
    NUMBER = {4},
     PAGES = {178--180},
       DOI = {10.2307/2300245},
       URL = {https://doi.org/10.2307/2300245},
}

@misc{arnold2020-joachim,
title={Remarks on Joachimsthal integral and Poritsky property},
author={Maxim Arnold and Sergei Tabachnikov},
year={2020},
month={9},
note={{arXiv:}2009.04988}
}

@article {franks-2003,
    AUTHOR = {Franks, John},
     TITLE = {Rotation numbers and instability sets},
   JOURNAL = {Bull. Amer. Math. Soc. (N.S.)},
  FJOURNAL = {American Mathematical Society. Bulletin. New Series},
    VOLUME = {40},
      YEAR = {2003},
    NUMBER = {3},
     PAGES = {263--279},
       DOI = {10.1090/S0273-0979-03-00983-2},
       URL = {https://doi.org/10.1090/S0273-0979-03-00983-2},
}

@incollection {guy-2017,
    AUTHOR = {Guy, Richard K.},
     TITLE = {A triangle has eight vertices but only one center},
 BOOKTITLE = {The mathematics of various entertaining subjects. {V}ol. 2},
     PAGES = {85--107},
 PUBLISHER = {Princeton Univ. Press, Princeton, NJ},
      YEAR = {2017},
}