@article{garcia2019-incenter,
    author = {Garcia, Ronaldo},
    title = {Elliptic Billiards and Ellipses Associated to the 3-Periodic Orbits},
    journal = {American Mathematical Monthly},
    volume={126},
    number={06},
    pages={491--504},
    Eprint ={doi:10.1080/00029890.2019.1593087},
    year = {2019}
}

@article{reznik2020-intelligencer,
title={Can the Elliptic Billiard still surprise us?},
author={Reznik, Dan and Garcia, Ronaldo and Koiller, Jair},
journal={Math Intelligencer},
volume={42},
year={2020},
pages={6--17},
url={rdcu.be/b2cg1},
doi={10.1007/s00283-019-09951-2},
publisher={Springer US},
issn={1866-7414}
}

@misc{koiller2021-spatial,
author={Jair Koiller, Dan Reznik, Ronaldo Garcia},
title={Average Elliptic Billiard Invariants with Spatial Integrals},
note={{arXiv}:2102.10899},
year={2021}
}

@misc{garcia2020-ellipses,
Author = {Ronaldo Garcia and Dan Reznik and Jair Koiller},
Title = {Loci of 3-periodics in an Elliptic Billiard: why so many ellipses?},
Year = {2020},
note = {submitted},
howpublished = {arXiv:2001.08041}
}

@article{garcia2020-new-properties,
Author = {Ronaldo Garcia and Dan Reznik and Jair Koiller},
Title = {New Properties of Triangular Orbits in Elliptic Billiards},
journal={Amer. Math. Monthly},
volume={to appear},
Year = {2020},
Eprint = {arXiv:2001.08054}
}

@article{reznik2020-ballet,
title={The Ballet of Triangle Centers on the Elliptic Billiard},
author={Dan Reznik and Ronaldo Garcia and Jair Koiller},
journal={Journal for Geometry and Graphics},
volume={24},
number={1},
year={2020},
pages={079--101},
publisher={Heldermann Verlag}
}

@article{reznik2021-circum,
title={Circuminvariants of 3-periodics in the elliptic billiard},
author={Dan Reznik and Ronaldo Garcia},
journal={Intl. J. Geometry},
volume={10},
number={1},
year={2021},
pages={31--57}
}

@ARTICLE{reznik2021-fifty-invariants,
Author = {Dan Reznik and Ronaldo Garcia and Jair Koiller},
Title = {Fifty New Invariants of N-Periodics in the Elliptic Billiard},
journal={Arnold Math. J.},
year={2021},
month={2},
url={https://rdcu.be/cftyF},
note2={arXiv:2004.12497}
}

@misc{garcia2020-similarity-I,
Author = {Ronaldo Garcia and Dan Reznik},
Title = {Related By Similarity {I}: Poristic Triangles and 3-Periodics in the Elliptic Billiard},
journal={Intl. J. of Geom.},
Month = {06},
Year = {2021},
volume={10},
number={3},
pages={52--70}
}

@article{garcia2020-steiner,
title={Steiner's Hat: a Constant-Area Deltoid Associated with the Ellipse},
author={Ronaldo Garcia and Dan Reznik and  Hellmuth Stachel and Mark Helman},
year={2020},
doi={10.31896/k.24.2},
journal={J. Croatian Soc. for Geom. Gr. {(KoG)}},
volume={24},
arxiv={arXiv:2006.13166},
}

@misc{reznik2020-pedals,
title={Area-Invariant Pedal-Like Curves Derived from the Ellipse},
author={Dan Reznik and Ronaldo Garcia and Hellmuth Stachel},
year={2020},
note={submitted},
note2={arXiv:2009.02581}
}

@article{reznik2020-similarityII,
Author = {Dan Reznik and Ronaldo Garcia},
Title = {Related By Similarity {II}: {P}oncelet 3-Periodics in the Homothetic Pair and the {B}rocard Porism},
journal={Intl. J. of Geom.},
volume={10},
number={4},
Month = {03},
Year = {2021},
pages={18--31}
}

@misc{garcia2020-self-intersected,
author={Ronaldo Garcia and Dan Reznik},
title={Invariants of Self-Intersected and Inversive N-Periodics in the Elliptic Billiard},
year={2020},
month={10},
note2={arXiv:2011.06640}
}

@misc{reznik2020-n3-focus-inversive,
author={Dan Reznik and Ronaldo Garcia},
title={The Talented Mr. Inversive Triangle in the Elliptic Billiard},
year={2020},
month={12},
howpublished={arXiv:2012.03020}
}

@misc{garcia2020-family-ties,
title={Family Ties: Relating {P}oncelet 3-Periodics by their Properties},
author={Ronaldo Garcia and Dan Reznik},
month={12},
year={2020},
howpublished={arXiv:2012.11270}
}

@misc{helman2021-power-loci,
title={Center Power and Loci of {P}oncelet Triangles},
author={Mark Helman and Dominique Laurain and Ronaldo Garcia and Dan Reznik},
howpublished={arXiv:2102.09438},
month={2},
year={2021},
}

@misc{helman2020-intriguing,
title={Intriguing Invariants of Centers of Ellipse-Inscribed Triangles},
author={Mark Helman and Ronaldo Garcia and Dan Reznik},
year={2020},
month={10},
howpublished={arXiv:2010.09408}
}

@article{gheorghe2021-reuleaux,
author={Gabriela Gheorghe and Dan Reznik},
title={A special conic associated with the {R}euleaux Negative Pedal Curve},
journal={Intl. J. of Geom.},
volume={10},
number={2},
pages={33--49},
year={2021}
}

@MISC{reznik2019-impa-talk,
   author = {Dan Reznik and Ronaldo Garcia and Jair Koiller},
   title = {Adventures with Triangles and Billiards},
   url={youtu.be/t872mftaI2g},
   howpublished={YouTube},
   day={15},
   month={8},
   year={2019},
}

@MISC{reznik2019-impa-article,
   author = {Dan Reznik and Ronaldo Garcia and Jair Koiller},
   title = {Adventures with Triangles and Billiards},
   url={impa.br/en_US/eventos-do-impa/eventos-2019/ 32o-coloquio-brasileiro-de-matematica},
   address={Rio de Janeiro},
   institution = {Instituto Nacional de    Matemática Pura e Aplicada (IMPA)},
   day={31},
   month={7},
   year={2019},
}

@MISC{reznik2019-website,
   author = {Dan Reznik and Ronaldo Garcia and Jair Koiller},
   title={New Properties of Triangular Orbits in Elliptic Billiards},
   howpublished={{GitHub}},
   url={dan-reznik.github.io/Elliptical-Billiards-Triangular-Orbits/},
   year={2019}
}

@MISC{reznik2019-web-media,
   author = {Dan Reznik and Ronaldo Garcia and Jair Koiller},
   title={Media for Elliptic Billards and Family of Orbits},
   howpublished={{GitHub}},
   url={dan-reznik.github.io/Elliptical-Billiards-Triangular-Orbits/videos.html},
   year={2019}
}

@MISC{reznik2011-incenter,
author={Dan Reznik},
title={Path of Incenter for Family of Triangular Orbits in Elliptical Billiard},
year={2011},
howpublished={{YouTube}},
url={https://youtu.be/BBsyM7RnswA}
}

@MISC{reznik2021-loci,
author={Ronaldo Garcia, Dan Reznik, Jair Koiller},
title={Loci of 3-periodics in the Elliptic Billiard: Why so many ellipses?},
year={2021},
howpublished={{GitHub}},
url={https://dan-reznik.github.io/why-so-many-ellipses}
}

@MISC{reznik2020-youtube,
   author = {Dan Reznik},
   title={Animations of Dynamic Geometry Phenomena},
   howpublished={{YouTube}},
   url={https://www.youtube.com/user/dreznik/videos},
   year={2020}
}

@MISC{reznik2020-app,
   author = {Dan Reznik and Iverton Darlan},
   title={Loci of Ellipse-Mounted Triangle Centers},
   url={https://dan-reznik.github.io/ellipse-mounted-triangles/},
   year={2020}
}

@misc{reznik2021-n3-spatiotemporal,
author={Claudio Esperança and Ronaldo Garcia and Dan Reznik},
title={Space-Time Surfaces of {Jacobi-Poncelet} {N}-Periodics in the Elliptic Billiard},
howpublished={Observable},
year={2021},
url={https://observablehq.com/@dan-reznik/elliptic-billiard-triangle}
}

@Article{gross2020-solar,
author={David Gross and Max Schmitz and Nathan Thomas and Sarah Nathanson and Dan Reznik},
title={Solar field modeling and verification},
journal={{AIP} Conf. Proceedings},
volume={2303},
number={1},
year={2020},
doi={10.1063/5.0030111},
}

@misc{reznik2021-n3-jacobi,
author={Dan Reznik},
title={Jacobi's complete integral of first kind and elliptic functions},
howpublished={Observable},
year={2021},
url={https://observablehq.com/@dan-reznik/jacobi-elliptic-functions}
}

@misc{helman2021-theory,
author={Mark Helman and Dominique Laurain and Dan Reznik and Ronaldo Garcia},
title={A theory for locus ellipticity of {P}oncelet 3-periodic centers},
howpublished={arXiv:2106.00715},
month={6},
day={1},
year={2021}
}