@unpublished{downes-benton,
  title = {Short Math Guide for \LaTeX{}},
 author = {Michael Downes and Barbara Beeton},
version = {2.0},
   date = {2017-12-22},
    url = {http://ctan.math.washington.edu/tex-archive/info/short-math-guide/short-math-guide.pdf},
}

@unpublished{hirschhorn,
  title = {Getting up and running with AMS\LaTeX{}},
 author = {Philip S. Hirschhorn},
version = {2.3},
   date = {2013-01-28},
    url = {http://www-math.mit.edu/~psh/amshelp/2.3/amshelp.pdf},
   note = {Ignore a longa seção sobre XY-pic},
}

@article{madsen,
 author = {Lars Madsen},
  title = {Avoid eqnarray!},
journal = {The Prac\TeX{} Journal},
 volume = 4,
   year = 2006,
    url = {https://tug.org/pracjourn/2006-4/madsen/madsen.pdf},
}

@unpublished{ trettin-fenn,
 author = {Mark Trettin and Jürgen Fenn},
  title = {An essential guide to \LaTeX{} 2ε usage -- Obsolete commands and packages},
   date = {2007-06-17},
    url = {http://mirrors.ctan.org/info/l2tabu/english/l2tabuen.pdf},
   note = {Traduzido do original em Alemão. Disponível também em Francês, Italiano e Espanhol},
}

@book{ cunha-cintra,
   author = {Celso Cunha e Lindley Cintra}, 
    title = {Moderna Gramática do Português Contemporâneo},
   edição = {7},
     year = 2016,
publisher = {Lexikon},
}

@book {bechara,
   author = {Evanildo Bechara},
    title = {Moderna Gramática Portuguesa},
   edição = {38},
     year = 2015,
publisher = {Nova Fronteira},
      url = {https://edisciplinas.usp.br/pluginfile.php/4198645/mod_folder/content/0/2%20Bibliografia%20de%20Refer%C3%AAncia/BECHARA_ModernaGramaticaPortuguesa.pdf},
}

@unpublished{ rourke,
   author = {Colin Rourke},
    title = {\textsc{pinlabel} A \TeX{} labelling package},
     url = {http://ctan.math.utah.edu/tex-archive/macros/latex/contrib/pinlabel/pinlabdoc.pdf},
}

@article {Furstenberg,
    AUTHOR = {Furstenberg, Harry},
     TITLE = {Ergodic behavior of diagonal measures and a theorem of
              {S}zemerédi on arithmetic progressions},
   JOURNAL = {J. Analyse Math.},
  FJOURNAL = {Journal d'Analyse Mathématique},
    VOLUME = {31},
      YEAR = {1977},
     PAGES = {204--256},
      ISSN = {0021-7670},
   MRCLASS = {10L10 (10K10 28A65)},
  MRNUMBER = {498471},
MRREVIEWER = {Fran\c{c}ois Aribaud},
       DOI = {10.1007/BF02813304},
       URL = {https://doi.org/10.1007/BF02813304},
}

@article {Szemeredi,
    AUTHOR = {Szemerédi, E.},
     TITLE = {On sets of integers containing no {$k$} elements in arithmetic
              progression},
   JOURNAL = {Acta Arith.},
  FJOURNAL = {Polska Akademia Nauk. Instytut Matematyczny. Acta Arithmetica},
    VOLUME = {27},
      YEAR = {1975},
     PAGES = {199--245},
      ISSN = {0065-1036},
   MRCLASS = {10L10},
  MRNUMBER = {369312},
MRREVIEWER = {S. L. G. Choi},
       DOI = {10.4064/aa-27-1-199-245},
       URL = {https://doi.org/10.4064/aa-27-1-199-245},
}
